@article{lipton2018troubling,
  title={Troubling trends in machine learning scholarship},
  author={Lipton, Zachary C and Steinhardt, Jacob},
  journal={arXiv preprint arXiv:1807.03341},
  year={2018}
}

@article{forde2019scientific,
  title={The Scientific Method in the Science of Machine Learning},
  author={Forde, Jessica Zosa and Paganini, Michela},
  journal={arXiv preprint arXiv:1904.10922},
  year={2019}
}

@article{gencoglu2019hark,
  title={HARK Side of Deep Learning--From Grad Student Descent to Automated Machine Learning},
  author={Gencoglu, Oguzhan and van Gils, Mark and Guldogan, Esin and Morikawa, Chamin and S{\"u}zen, Mehmet and Gruber, Mathias and Leinonen, Jussi and Huttunen, Heikki},
  journal={arXiv preprint arXiv:1904.07633},
  year={2019}
}

@article{rothstein2005publication,
  title={Publication bias in meta-analysis},
  author={Rothstein, Hannah R and Sutton, Alexander J and Borenstein, Michael},
  journal={Publication bias in meta-analysis},
  pages={1--7},
  year={2005},
  publisher={Wiley Online Library}
}

@article{dickersin2003registering,
  title={Registering clinical trials},
  author={Dickersin, Kay and Rennie, Drummond},
  journal={Jama},
  volume={290},
  number={4},
  pages={516--523},
  year={2003},
  publisher={American Medical Association}
}

@article{nosek2018preregistration,
  author = {Nosek, A. and Ebersole, C.R. and DeHaven, A.C. and and D. T. Mellor},
  title = {The preregistration revolution,},
  journal = {PNAS},
  volume = {115},
  pages = {2600â€“2606},
  year = {2018},
  number = {11},
}
@article{irvin2015likelihood,
author = {Irvin, Veronica and M Kaplan, Robert},
year = {2015},
month = {08},
title = {Likelihood of Null Effects of Large NHLBI Clinical Trials Has Increased over Time},
volume = {10},
journal = {PLoS ONE},
doi = {10.1371/journal.pone.0132382}
}

@article{swaen2001false,
author = {Swaen, Gerard and Teggeler, O and Amelsvoort, Ludo},
year = {2001},
month = {11},
pages = {948-54},
title = {False positive outcomes and design characteristics in occupational cancer epidemiology studies},
volume = {30},
journal = {International journal of epidemiology},
doi = {10.1093/ije/30.5.948}
}