@inproceedings{konuk2019,
  title={An empirical study of the relation between network architecture and complexity},
  author={Emir Konuk and Kevin Smith},
  booktitle={Proceedings of the Workshop on Preregistration in the IEEE International Conference on Computer Vision},
  year={2019}
}
