@inproceedings{sullivan2019,
  title={Extending convolutional pose machines for facial landmark localization in 3D point clouds},
  author={Eimear O' Sullivan and Stefanos Zafeirious},
  booktitle={Proceedings of the Workshop on Preregistration in the IEEE International Conference on Computer Vision},
  year={2019}
}
