@inproceedings{garcia2019,
  title={Learning representational invariance instead of categorization},
  author={Alex Hernández-García and Peter König},
  booktitle={Proceedings of the Workshop on Preregistration in the IEEE International Conference on Computer Vision},
  year={2019}
}
