@inproceedings{hedjazi2019,
  title={Learning to inpaint by progressively growing the mask regions},
  author={Mohamed Abbas Hedjazi and Yakup Gen√ß},
  booktitle={Proceedings of the Workshop on Preregistration in the IEEE International Conference on Computer Vision},
  year={2019}
}
