@inproceedings{cava2019,
  title={Towards generalizable distance estimation by leveraging graph information},
  author={John Kevin Cava and Todd Houghton and Hongbin Yu},
  booktitle={Proceedings of the Workshop on Preregistration in the IEEE International Conference on Computer Vision},
  year={2019}
}
